%YAML 1.1
%TAG !u! tag:unity3d.com,2011:
--- !u!1 &1387771152334948532
GameObject:
  m_ObjectHideFlags: 0
  m_CorrespondingSourceObject: {fileID: 0}
  m_PrefabInstance: {fileID: 0}
  m_PrefabAsset: {fileID: 0}
  serializedVersion: 6
  m_Component:
  - component: {fileID: 4046107173686252199}
  - component: {fileID: 6584813506311528743}
  - component: {fileID: 8874226864961426200}
  - component: {fileID: 5660652526970903741}
  m_Layer: 8
  m_Name: StomachArmor
  m_TagString: Untagged
  m_Icon: {fileID: 0}
  m_NavMeshLayer: 0
  m_StaticEditorFlags: 0
  m_IsActive: 1
--- !u!4 &4046107173686252199
Transform:
  m_ObjectHideFlags: 0
  m_CorrespondingSourceObject: {fileID: 0}
  m_PrefabInstance: {fileID: 0}
  m_PrefabAsset: {fileID: 0}
  m_GameObject: {fileID: 1387771152334948532}
  m_LocalRotation: {x: 0, y: 0, z: 0, w: 1}
  m_LocalPosition: {x: 0, y: 0, z: 0}
  m_LocalScale: {x: 1, y: 1, z: 1}
  m_Children:
  - {fileID: 3128441429747950505}
  - {fileID: 3957647479795651884}
  m_Father: {fileID: 0}
  m_RootOrder: 0
  m_LocalEulerAnglesHint: {x: 0, y: 0, z: 0}
--- !u!65 &6584813506311528743
BoxCollider:
  m_ObjectHideFlags: 0
  m_CorrespondingSourceObject: {fileID: 0}
  m_PrefabInstance: {fileID: 0}
  m_PrefabAsset: {fileID: 0}
  m_GameObject: {fileID: 1387771152334948532}
  m_Material: {fileID: 0}
  m_IsTrigger: 1
  m_Enabled: 1
  serializedVersion: 2
  m_Size: {x: 0.03, y: 0.018, z: 0.025}
  m_Center: {x: 0, y: 0, z: 0}
--- !u!114 &8874226864961426200
MonoBehaviour:
  m_ObjectHideFlags: 0
  m_CorrespondingSourceObject: {fileID: 0}
  m_PrefabInstance: {fileID: 0}
  m_PrefabAsset: {fileID: 0}
  m_GameObject: {fileID: 1387771152334948532}
  m_Enabled: 1
  m_EditorHideFlags: 0
  m_Script: {fileID: 11500000, guid: 71e7ae4e1954b7f4c853995c75bd9308, type: 3}
  m_Name: 
  m_EditorClassIdentifier: 
  ImpactHolePrefab: {fileID: 6182452058536290417, guid: c336e96dfc98051429e6e644bbbdafe4,
    type: 3}
--- !u!114 &5660652526970903741
MonoBehaviour:
  m_ObjectHideFlags: 0
  m_CorrespondingSourceObject: {fileID: 0}
  m_PrefabInstance: {fileID: 0}
  m_PrefabAsset: {fileID: 0}
  m_GameObject: {fileID: 1387771152334948532}
  m_Enabled: 1
  m_EditorHideFlags: 0
  m_Script: {fileID: 11500000, guid: 535e1729590a6d444921f08f3cf3fab1, type: 3}
  m_Name: 
  m_EditorClassIdentifier: 
  ArmorPoints: 50
--- !u!1001 &7931050227084314803
PrefabInstance:
  m_ObjectHideFlags: 0
  serializedVersion: 2
  m_Modification:
    m_TransformParent: {fileID: 4046107173686252199}
    m_Modifications:
    - target: {fileID: -4216859302048453862, guid: 21ec6c21710f1144fa76e5c05110d3fa,
        type: 3}
      propertyPath: m_LocalPosition.x
      value: 0
      objectReference: {fileID: 0}
    - target: {fileID: -4216859302048453862, guid: 21ec6c21710f1144fa76e5c05110d3fa,
        type: 3}
      propertyPath: m_LocalPosition.y
      value: 0
      objectReference: {fileID: 0}
    - target: {fileID: -4216859302048453862, guid: 21ec6c21710f1144fa76e5c05110d3fa,
        type: 3}
      propertyPath: m_LocalPosition.z
      value: -0.00251
      objectReference: {fileID: 0}
    - target: {fileID: -4216859302048453862, guid: 21ec6c21710f1144fa76e5c05110d3fa,
        type: 3}
      propertyPath: m_LocalRotation.x
      value: -0.5
      objectReference: {fileID: 0}
    - target: {fileID: -4216859302048453862, guid: 21ec6c21710f1144fa76e5c05110d3fa,
        type: 3}
      propertyPath: m_LocalRotation.y
      value: 0.5
      objectReference: {fileID: 0}
    - target: {fileID: -4216859302048453862, guid: 21ec6c21710f1144fa76e5c05110d3fa,
        type: 3}
      propertyPath: m_LocalRotation.z
      value: -0.5
      objectReference: {fileID: 0}
    - target: {fileID: -4216859302048453862, guid: 21ec6c21710f1144fa76e5c05110d3fa,
        type: 3}
      propertyPath: m_LocalRotation.w
      value: 0.5
      objectReference: {fileID: 0}
    - target: {fileID: -4216859302048453862, guid: 21ec6c21710f1144fa76e5c05110d3fa,
        type: 3}
      propertyPath: m_RootOrder
      value: 0
      objectReference: {fileID: 0}
    - target: {fileID: -4216859302048453862, guid: 21ec6c21710f1144fa76e5c05110d3fa,
        type: 3}
      propertyPath: m_LocalEulerAnglesHint.x
      value: 0
      objectReference: {fileID: 0}
    - target: {fileID: -4216859302048453862, guid: 21ec6c21710f1144fa76e5c05110d3fa,
        type: 3}
      propertyPath: m_LocalEulerAnglesHint.y
      value: 90
      objectReference: {fileID: 0}
    - target: {fileID: -4216859302048453862, guid: 21ec6c21710f1144fa76e5c05110d3fa,
        type: 3}
      propertyPath: m_LocalEulerAnglesHint.z
      value: -90
      objectReference: {fileID: 0}
    - target: {fileID: -4216859302048453862, guid: 21ec6c21710f1144fa76e5c05110d3fa,
        type: 3}
      propertyPath: m_LocalScale.x
      value: 0.05
      objectReference: {fileID: 0}
    - target: {fileID: -4216859302048453862, guid: 21ec6c21710f1144fa76e5c05110d3fa,
        type: 3}
      propertyPath: m_LocalScale.y
      value: 0.05
      objectReference: {fileID: 0}
    - target: {fileID: -4216859302048453862, guid: 21ec6c21710f1144fa76e5c05110d3fa,
        type: 3}
      propertyPath: m_LocalScale.z
      value: 0.04
      objectReference: {fileID: 0}
    - target: {fileID: -1504981713932161579, guid: 21ec6c21710f1144fa76e5c05110d3fa,
        type: 3}
      propertyPath: m_Materials.Array.data[0]
      value: 
      objectReference: {fileID: 2100000, guid: 41d65158bb177424c80ce866dd7f2467, type: 2}
    - target: {fileID: -927199367670048503, guid: 21ec6c21710f1144fa76e5c05110d3fa,
        type: 3}
      propertyPath: m_Name
      value: armor-piece
      objectReference: {fileID: 0}
    m_RemovedComponents: []
  m_SourcePrefab: {fileID: 100100000, guid: 21ec6c21710f1144fa76e5c05110d3fa, type: 3}
--- !u!4 &3128441429747950505 stripped
Transform:
  m_CorrespondingSourceObject: {fileID: -4216859302048453862, guid: 21ec6c21710f1144fa76e5c05110d3fa,
    type: 3}
  m_PrefabInstance: {fileID: 7931050227084314803}
  m_PrefabAsset: {fileID: 0}
--- !u!1001 &8329081662707678774
PrefabInstance:
  m_ObjectHideFlags: 0
  serializedVersion: 2
  m_Modification:
    m_TransformParent: {fileID: 4046107173686252199}
    m_Modifications:
    - target: {fileID: -4216859302048453862, guid: 21ec6c21710f1144fa76e5c05110d3fa,
        type: 3}
      propertyPath: m_LocalPosition.x
      value: 0
      objectReference: {fileID: 0}
    - target: {fileID: -4216859302048453862, guid: 21ec6c21710f1144fa76e5c05110d3fa,
        type: 3}
      propertyPath: m_LocalPosition.y
      value: 0
      objectReference: {fileID: 0}
    - target: {fileID: -4216859302048453862, guid: 21ec6c21710f1144fa76e5c05110d3fa,
        type: 3}
      propertyPath: m_LocalPosition.z
      value: 0.005
      objectReference: {fileID: 0}
    - target: {fileID: -4216859302048453862, guid: 21ec6c21710f1144fa76e5c05110d3fa,
        type: 3}
      propertyPath: m_LocalRotation.x
      value: 0.5
      objectReference: {fileID: 0}
    - target: {fileID: -4216859302048453862, guid: 21ec6c21710f1144fa76e5c05110d3fa,
        type: 3}
      propertyPath: m_LocalRotation.y
      value: -0.5
      objectReference: {fileID: 0}
    - target: {fileID: -4216859302048453862, guid: 21ec6c21710f1144fa76e5c05110d3fa,
        type: 3}
      propertyPath: m_LocalRotation.z
      value: -0.5
      objectReference: {fileID: 0}
    - target: {fileID: -4216859302048453862, guid: 21ec6c21710f1144fa76e5c05110d3fa,
        type: 3}
      propertyPath: m_LocalRotation.w
      value: 0.5
      objectReference: {fileID: 0}
    - target: {fileID: -4216859302048453862, guid: 21ec6c21710f1144fa76e5c05110d3fa,
        type: 3}
      propertyPath: m_RootOrder
      value: 1
      objectReference: {fileID: 0}
    - target: {fileID: -4216859302048453862, guid: 21ec6c21710f1144fa76e5c05110d3fa,
        type: 3}
      propertyPath: m_LocalEulerAnglesHint.x
      value: 0
      objectReference: {fileID: 0}
    - target: {fileID: -4216859302048453862, guid: 21ec6c21710f1144fa76e5c05110d3fa,
        type: 3}
      propertyPath: m_LocalEulerAnglesHint.y
      value: -90
      objectReference: {fileID: 0}
    - target: {fileID: -4216859302048453862, guid: 21ec6c21710f1144fa76e5c05110d3fa,
        type: 3}
      propertyPath: m_LocalEulerAnglesHint.z
      value: -90
      objectReference: {fileID: 0}
    - target: {fileID: -4216859302048453862, guid: 21ec6c21710f1144fa76e5c05110d3fa,
        type: 3}
      propertyPath: m_LocalScale.x
      value: 0.05
      objectReference: {fileID: 0}
    - target: {fileID: -4216859302048453862, guid: 21ec6c21710f1144fa76e5c05110d3fa,
        type: 3}
      propertyPath: m_LocalScale.y
      value: 0.06
      objectReference: {fileID: 0}
    - target: {fileID: -4216859302048453862, guid: 21ec6c21710f1144fa76e5c05110d3fa,
        type: 3}
      propertyPath: m_LocalScale.z
      value: 0.04
      objectReference: {fileID: 0}
    - target: {fileID: -1504981713932161579, guid: 21ec6c21710f1144fa76e5c05110d3fa,
        type: 3}
      propertyPath: m_Materials.Array.data[0]
      value: 
      objectReference: {fileID: 2100000, guid: 41d65158bb177424c80ce866dd7f2467, type: 2}
    - target: {fileID: -927199367670048503, guid: 21ec6c21710f1144fa76e5c05110d3fa,
        type: 3}
      propertyPath: m_Name
      value: armor-piece (1)
      objectReference: {fileID: 0}
    m_RemovedComponents: []
  m_SourcePrefab: {fileID: 100100000, guid: 21ec6c21710f1144fa76e5c05110d3fa, type: 3}
--- !u!4 &3957647479795651884 stripped
Transform:
  m_CorrespondingSourceObject: {fileID: -4216859302048453862, guid: 21ec6c21710f1144fa76e5c05110d3fa,
    type: 3}
  m_PrefabInstance: {fileID: 8329081662707678774}
  m_PrefabAsset: {fileID: 0}
