%YAML 1.1
%TAG !u! tag:unity3d.com,2011:
--- !u!1 &2010408375455461599
GameObject:
  m_ObjectHideFlags: 0
  m_CorrespondingSourceObject: {fileID: 0}
  m_PrefabInstance: {fileID: 0}
  m_PrefabAsset: {fileID: 0}
  serializedVersion: 6
  m_Component:
  - component: {fileID: 5699693022399203118}
  - component: {fileID: 7234318786800559114}
  - component: {fileID: 2740609398092029540}
  m_Layer: 12
  m_Name: ExitDoor
  m_TagString: Untagged
  m_Icon: {fileID: 0}
  m_NavMeshLayer: 0
  m_StaticEditorFlags: 0
  m_IsActive: 1
--- !u!4 &5699693022399203118
Transform:
  m_ObjectHideFlags: 0
  m_CorrespondingSourceObject: {fileID: 0}
  m_PrefabInstance: {fileID: 0}
  m_PrefabAsset: {fileID: 0}
  m_GameObject: {fileID: 2010408375455461599}
  m_LocalRotation: {x: 0, y: 0, z: 0, w: 1}
  m_LocalPosition: {x: 0, y: 0, z: 0}
  m_LocalScale: {x: 1, y: 1, z: 1}
  m_Children:
  - {fileID: 5920484548041120627}
  - {fileID: 8615731223082525729}
  - {fileID: 5015335247121441174}
  m_Father: {fileID: 0}
  m_RootOrder: 0
  m_LocalEulerAnglesHint: {x: 0, y: 0, z: 0}
--- !u!114 &7234318786800559114
MonoBehaviour:
  m_ObjectHideFlags: 0
  m_CorrespondingSourceObject: {fileID: 0}
  m_PrefabInstance: {fileID: 0}
  m_PrefabAsset: {fileID: 0}
  m_GameObject: {fileID: 2010408375455461599}
  m_Enabled: 1
  m_EditorHideFlags: 0
  m_Script: {fileID: 11500000, guid: 25016eab779a1314daf8687c2e178303, type: 3}
  m_Name: 
  m_EditorClassIdentifier: 
--- !u!65 &2740609398092029540
BoxCollider:
  m_ObjectHideFlags: 0
  m_CorrespondingSourceObject: {fileID: 0}
  m_PrefabInstance: {fileID: 0}
  m_PrefabAsset: {fileID: 0}
  m_GameObject: {fileID: 2010408375455461599}
  m_Material: {fileID: 0}
  m_IsTrigger: 0
  m_Enabled: 1
  serializedVersion: 2
  m_Size: {x: 2, y: 2, z: 0.5}
  m_Center: {x: 0, y: 1.2, z: 0}
--- !u!1 &6991764704600608936
GameObject:
  m_ObjectHideFlags: 0
  m_CorrespondingSourceObject: {fileID: 0}
  m_PrefabInstance: {fileID: 0}
  m_PrefabAsset: {fileID: 0}
  serializedVersion: 6
  m_Component:
  - component: {fileID: 8615731223082525729}
  - component: {fileID: 3569182244206430917}
  - component: {fileID: 646144392745465171}
  m_Layer: 8
  m_Name: Collider
  m_TagString: Untagged
  m_Icon: {fileID: 0}
  m_NavMeshLayer: 0
  m_StaticEditorFlags: 0
  m_IsActive: 1
--- !u!4 &8615731223082525729
Transform:
  m_ObjectHideFlags: 0
  m_CorrespondingSourceObject: {fileID: 0}
  m_PrefabInstance: {fileID: 0}
  m_PrefabAsset: {fileID: 0}
  m_GameObject: {fileID: 6991764704600608936}
  m_LocalRotation: {x: 0, y: 0, z: 0, w: 1}
  m_LocalPosition: {x: 0, y: 0, z: 0.05}
  m_LocalScale: {x: 0.8, y: 0.9, z: 0.5}
  m_Children: []
  m_Father: {fileID: 5699693022399203118}
  m_RootOrder: 1
  m_LocalEulerAnglesHint: {x: 0, y: 0, z: 0}
--- !u!64 &3569182244206430917
MeshCollider:
  m_ObjectHideFlags: 0
  m_CorrespondingSourceObject: {fileID: 0}
  m_PrefabInstance: {fileID: 0}
  m_PrefabAsset: {fileID: 0}
  m_GameObject: {fileID: 6991764704600608936}
  m_Material: {fileID: 0}
  m_IsTrigger: 0
  m_Enabled: 1
  serializedVersion: 3
  m_Convex: 0
  m_CookingOptions: 30
  m_Mesh: {fileID: -3145058497754134291, guid: dbdda034a7870704e91add1a59e8ba23, type: 3}
--- !u!114 &646144392745465171
MonoBehaviour:
  m_ObjectHideFlags: 0
  m_CorrespondingSourceObject: {fileID: 0}
  m_PrefabInstance: {fileID: 0}
  m_PrefabAsset: {fileID: 0}
  m_GameObject: {fileID: 6991764704600608936}
  m_Enabled: 1
  m_EditorHideFlags: 0
  m_Script: {fileID: 11500000, guid: 71e7ae4e1954b7f4c853995c75bd9308, type: 3}
  m_Name: 
  m_EditorClassIdentifier: 
  ImpactHolePrefab: {fileID: 6182452058536290417, guid: 7859bc829da3c77469fadd767ed1db45,
    type: 3}
--- !u!1 &8225417913474500349
GameObject:
  m_ObjectHideFlags: 0
  m_CorrespondingSourceObject: {fileID: 0}
  m_PrefabInstance: {fileID: 0}
  m_PrefabAsset: {fileID: 0}
  serializedVersion: 6
  m_Component:
  - component: {fileID: 5015335247121441174}
  - component: {fileID: 8951949098837866642}
  - component: {fileID: 3959425556590904329}
  - component: {fileID: 3737405196083887667}
  m_Layer: 9
  m_Name: Navigator
  m_TagString: Untagged
  m_Icon: {fileID: 0}
  m_NavMeshLayer: 0
  m_StaticEditorFlags: 0
  m_IsActive: 1
--- !u!4 &5015335247121441174
Transform:
  m_ObjectHideFlags: 0
  m_CorrespondingSourceObject: {fileID: 0}
  m_PrefabInstance: {fileID: 0}
  m_PrefabAsset: {fileID: 0}
  m_GameObject: {fileID: 8225417913474500349}
  m_LocalRotation: {x: 0, y: 0, z: 0, w: 1}
  m_LocalPosition: {x: 0, y: 1.25, z: 0.05}
  m_LocalScale: {x: 2, y: 2.5, z: 0.15}
  m_Children: []
  m_Father: {fileID: 5699693022399203118}
  m_RootOrder: 2
  m_LocalEulerAnglesHint: {x: 0, y: 0, z: 0}
--- !u!33 &8951949098837866642
MeshFilter:
  m_ObjectHideFlags: 0
  m_CorrespondingSourceObject: {fileID: 0}
  m_PrefabInstance: {fileID: 0}
  m_PrefabAsset: {fileID: 0}
  m_GameObject: {fileID: 8225417913474500349}
  m_Mesh: {fileID: 10202, guid: 0000000000000000e000000000000000, type: 0}
--- !u!23 &3959425556590904329
MeshRenderer:
  m_ObjectHideFlags: 0
  m_CorrespondingSourceObject: {fileID: 0}
  m_PrefabInstance: {fileID: 0}
  m_PrefabAsset: {fileID: 0}
  m_GameObject: {fileID: 8225417913474500349}
  m_Enabled: 1
  m_CastShadows: 1
  m_ReceiveShadows: 1
  m_DynamicOccludee: 1
  m_MotionVectors: 1
  m_LightProbeUsage: 1
  m_ReflectionProbeUsage: 1
  m_RayTracingMode: 2
  m_RenderingLayerMask: 1
  m_RendererPriority: 0
  m_Materials:
  - {fileID: 2100000, guid: 287b6fa6e5a22c4498f8f4227b2f456e, type: 2}
  m_StaticBatchInfo:
    firstSubMesh: 0
    subMeshCount: 0
  m_StaticBatchRoot: {fileID: 0}
  m_ProbeAnchor: {fileID: 0}
  m_LightProbeVolumeOverride: {fileID: 0}
  m_ScaleInLightmap: 1
  m_ReceiveGI: 1
  m_PreserveUVs: 0
  m_IgnoreNormalsForChartDetection: 0
  m_ImportantGI: 0
  m_StitchLightmapSeams: 1
  m_SelectedEditorRenderState: 3
  m_MinimumChartSize: 4
  m_AutoUVMaxDistance: 0.5
  m_AutoUVMaxAngle: 89
  m_LightmapParameters: {fileID: 0}
  m_SortingLayerID: 0
  m_SortingLayer: 0
  m_SortingOrder: 0
--- !u!114 &3737405196083887667
MonoBehaviour:
  m_ObjectHideFlags: 0
  m_CorrespondingSourceObject: {fileID: 0}
  m_PrefabInstance: {fileID: 0}
  m_PrefabAsset: {fileID: 0}
  m_GameObject: {fileID: 8225417913474500349}
  m_Enabled: 1
  m_EditorHideFlags: 0
  m_Script: {fileID: 11500000, guid: 6e038bf700cfa444fb16c6ef963be9f9, type: 3}
  m_Name: 
  m_EditorClassIdentifier: 
--- !u!1001 &1680825188762497129
PrefabInstance:
  m_ObjectHideFlags: 0
  serializedVersion: 2
  m_Modification:
    m_TransformParent: {fileID: 5699693022399203118}
    m_Modifications:
    - target: {fileID: -4216859302048453862, guid: dbdda034a7870704e91add1a59e8ba23,
        type: 3}
      propertyPath: m_LocalPosition.x
      value: -0
      objectReference: {fileID: 0}
    - target: {fileID: -4216859302048453862, guid: dbdda034a7870704e91add1a59e8ba23,
        type: 3}
      propertyPath: m_LocalPosition.y
      value: 0
      objectReference: {fileID: 0}
    - target: {fileID: -4216859302048453862, guid: dbdda034a7870704e91add1a59e8ba23,
        type: 3}
      propertyPath: m_LocalPosition.z
      value: 0.05
      objectReference: {fileID: 0}
    - target: {fileID: -4216859302048453862, guid: dbdda034a7870704e91add1a59e8ba23,
        type: 3}
      propertyPath: m_LocalRotation.x
      value: 0
      objectReference: {fileID: 0}
    - target: {fileID: -4216859302048453862, guid: dbdda034a7870704e91add1a59e8ba23,
        type: 3}
      propertyPath: m_LocalRotation.y
      value: -0
      objectReference: {fileID: 0}
    - target: {fileID: -4216859302048453862, guid: dbdda034a7870704e91add1a59e8ba23,
        type: 3}
      propertyPath: m_LocalRotation.z
      value: -0
      objectReference: {fileID: 0}
    - target: {fileID: -4216859302048453862, guid: dbdda034a7870704e91add1a59e8ba23,
        type: 3}
      propertyPath: m_LocalRotation.w
      value: 1
      objectReference: {fileID: 0}
    - target: {fileID: -4216859302048453862, guid: dbdda034a7870704e91add1a59e8ba23,
        type: 3}
      propertyPath: m_RootOrder
      value: 0
      objectReference: {fileID: 0}
    - target: {fileID: -4216859302048453862, guid: dbdda034a7870704e91add1a59e8ba23,
        type: 3}
      propertyPath: m_LocalEulerAnglesHint.x
      value: 0
      objectReference: {fileID: 0}
    - target: {fileID: -4216859302048453862, guid: dbdda034a7870704e91add1a59e8ba23,
        type: 3}
      propertyPath: m_LocalEulerAnglesHint.y
      value: 0
      objectReference: {fileID: 0}
    - target: {fileID: -4216859302048453862, guid: dbdda034a7870704e91add1a59e8ba23,
        type: 3}
      propertyPath: m_LocalEulerAnglesHint.z
      value: 0
      objectReference: {fileID: 0}
    - target: {fileID: -4216859302048453862, guid: dbdda034a7870704e91add1a59e8ba23,
        type: 3}
      propertyPath: m_LocalScale.y
      value: 0.9
      objectReference: {fileID: 0}
    - target: {fileID: -4216859302048453862, guid: dbdda034a7870704e91add1a59e8ba23,
        type: 3}
      propertyPath: m_LocalScale.x
      value: 0.8
      objectReference: {fileID: 0}
    - target: {fileID: -4216859302048453862, guid: dbdda034a7870704e91add1a59e8ba23,
        type: 3}
      propertyPath: m_LocalScale.z
      value: 0.5
      objectReference: {fileID: 0}
    - target: {fileID: -1504981713932161579, guid: dbdda034a7870704e91add1a59e8ba23,
        type: 3}
      propertyPath: m_Materials.Array.data[1]
      value: 
      objectReference: {fileID: 2100000, guid: 0be1f85cd13060d49861d03f04efcab2, type: 2}
    - target: {fileID: -1504981713932161579, guid: dbdda034a7870704e91add1a59e8ba23,
        type: 3}
      propertyPath: m_Materials.Array.data[0]
      value: 
      objectReference: {fileID: 2100000, guid: 7f3366895b5883845927e8013155ab6f, type: 2}
    - target: {fileID: -927199367670048503, guid: dbdda034a7870704e91add1a59e8ba23,
        type: 3}
      propertyPath: m_Name
      value: Model
      objectReference: {fileID: 0}
    m_RemovedComponents: []
  m_SourcePrefab: {fileID: 100100000, guid: dbdda034a7870704e91add1a59e8ba23, type: 3}
--- !u!4 &5920484548041120627 stripped
Transform:
  m_CorrespondingSourceObject: {fileID: -4216859302048453862, guid: dbdda034a7870704e91add1a59e8ba23,
    type: 3}
  m_PrefabInstance: {fileID: 1680825188762497129}
  m_PrefabAsset: {fileID: 0}
