%YAML 1.1
%TAG !u! tag:unity3d.com,2011:
--- !u!1 &443830780928745300
GameObject:
  m_ObjectHideFlags: 0
  m_CorrespondingSourceObject: {fileID: 0}
  m_PrefabInstance: {fileID: 0}
  m_PrefabAsset: {fileID: 0}
  serializedVersion: 6
  m_Component:
  - component: {fileID: 1390680531268514936}
  - component: {fileID: 8559876360851649856}
  m_Layer: 0
  m_Name: Exits
  m_TagString: Untagged
  m_Icon: {fileID: 0}
  m_NavMeshLayer: 0
  m_StaticEditorFlags: 0
  m_IsActive: 1
--- !u!4 &1390680531268514936
Transform:
  m_ObjectHideFlags: 0
  m_CorrespondingSourceObject: {fileID: 0}
  m_PrefabInstance: {fileID: 0}
  m_PrefabAsset: {fileID: 0}
  m_GameObject: {fileID: 443830780928745300}
  m_LocalRotation: {x: 0, y: 0, z: 0, w: 1}
  m_LocalPosition: {x: 0, y: 0, z: 0}
  m_LocalScale: {x: 1, y: 1, z: 1}
  m_Children: []
  m_Father: {fileID: 4239337678542115900}
  m_RootOrder: 1
  m_LocalEulerAnglesHint: {x: 0, y: 0, z: 0}
--- !u!114 &8559876360851649856
MonoBehaviour:
  m_ObjectHideFlags: 0
  m_CorrespondingSourceObject: {fileID: 0}
  m_PrefabInstance: {fileID: 0}
  m_PrefabAsset: {fileID: 0}
  m_GameObject: {fileID: 443830780928745300}
  m_Enabled: 1
  m_EditorHideFlags: 0
  m_Script: {fileID: 11500000, guid: 2766fdc05dd54584d840bb9a9909d899, type: 3}
  m_Name: 
  m_EditorClassIdentifier: 
--- !u!1 &590289159237100882
GameObject:
  m_ObjectHideFlags: 0
  m_CorrespondingSourceObject: {fileID: 0}
  m_PrefabInstance: {fileID: 0}
  m_PrefabAsset: {fileID: 0}
  serializedVersion: 6
  m_Component:
  - component: {fileID: 8434863906376658250}
  m_Layer: 0
  m_Name: Walls
  m_TagString: Untagged
  m_Icon: {fileID: 0}
  m_NavMeshLayer: 0
  m_StaticEditorFlags: 0
  m_IsActive: 1
--- !u!4 &8434863906376658250
Transform:
  m_ObjectHideFlags: 0
  m_CorrespondingSourceObject: {fileID: 0}
  m_PrefabInstance: {fileID: 0}
  m_PrefabAsset: {fileID: 0}
  m_GameObject: {fileID: 590289159237100882}
  m_LocalRotation: {x: 0, y: 0, z: 0, w: 1}
  m_LocalPosition: {x: 0, y: 0, z: 0}
  m_LocalScale: {x: 1, y: 1, z: 1}
  m_Children:
  - {fileID: 7085454038631768289}
  - {fileID: 8143699325660572811}
  - {fileID: 8015529434979997988}
  - {fileID: 6487711849939615052}
  m_Father: {fileID: 977622702255234371}
  m_RootOrder: 0
  m_LocalEulerAnglesHint: {x: 0, y: 0, z: 0}
--- !u!1 &700711184921930996
GameObject:
  m_ObjectHideFlags: 0
  m_CorrespondingSourceObject: {fileID: 0}
  m_PrefabInstance: {fileID: 0}
  m_PrefabAsset: {fileID: 0}
  serializedVersion: 6
  m_Component:
  - component: {fileID: 2703942236109706108}
  m_Layer: 0
  m_Name: Floors
  m_TagString: Untagged
  m_Icon: {fileID: 0}
  m_NavMeshLayer: 0
  m_StaticEditorFlags: 0
  m_IsActive: 1
--- !u!4 &2703942236109706108
Transform:
  m_ObjectHideFlags: 0
  m_CorrespondingSourceObject: {fileID: 0}
  m_PrefabInstance: {fileID: 0}
  m_PrefabAsset: {fileID: 0}
  m_GameObject: {fileID: 700711184921930996}
  m_LocalRotation: {x: 0, y: 0, z: 0, w: 1}
  m_LocalPosition: {x: 0, y: 0, z: 0}
  m_LocalScale: {x: 1, y: 1, z: 1}
  m_Children:
  - {fileID: 2691295329633395817}
  - {fileID: 7909948354705631083}
  m_Father: {fileID: 977622702255234371}
  m_RootOrder: 1
  m_LocalEulerAnglesHint: {x: 0, y: 0, z: 0}
--- !u!1 &2166079244486929572
GameObject:
  m_ObjectHideFlags: 0
  m_CorrespondingSourceObject: {fileID: 0}
  m_PrefabInstance: {fileID: 0}
  m_PrefabAsset: {fileID: 0}
  serializedVersion: 6
  m_Component:
  - component: {fileID: 4239337678542115900}
  - component: {fileID: 4118693166111607377}
  m_Layer: 0
  m_Name: Elevator
  m_TagString: Untagged
  m_Icon: {fileID: 8418204508859773708, guid: 0000000000000000d000000000000000, type: 0}
  m_NavMeshLayer: 0
  m_StaticEditorFlags: 0
  m_IsActive: 1
--- !u!4 &4239337678542115900
Transform:
  m_ObjectHideFlags: 0
  m_CorrespondingSourceObject: {fileID: 0}
  m_PrefabInstance: {fileID: 0}
  m_PrefabAsset: {fileID: 0}
  m_GameObject: {fileID: 2166079244486929572}
  m_LocalRotation: {x: 0, y: 0, z: 0, w: 1}
  m_LocalPosition: {x: 0, y: 0, z: 0}
  m_LocalScale: {x: 1, y: 1, z: 1}
  m_Children:
  - {fileID: 2803612410319537132}
  - {fileID: 1390680531268514936}
  - {fileID: 977622702255234371}
  - {fileID: 8838643686600542601}
  - {fileID: 6637645056869119856}
  - {fileID: 495717077600603945}
  m_Father: {fileID: 0}
  m_RootOrder: 0
  m_LocalEulerAnglesHint: {x: 0, y: 0, z: 0}
--- !u!114 &4118693166111607377
MonoBehaviour:
  m_ObjectHideFlags: 0
  m_CorrespondingSourceObject: {fileID: 0}
  m_PrefabInstance: {fileID: 0}
  m_PrefabAsset: {fileID: 0}
  m_GameObject: {fileID: 2166079244486929572}
  m_Enabled: 1
  m_EditorHideFlags: 0
  m_Script: {fileID: 11500000, guid: 93ed874b023a43dbaf8a4a73ced13dc9, type: 3}
  m_Name: 
  m_EditorClassIdentifier: 
  Tags:
  - elevator
  CreatesTags:
  - room
  Exits: {fileID: 8559876360851649856}
  Bounds: {fileID: 5278985900701921284}
  DeadEndChance: 5
--- !u!1 &3221703729785908245
GameObject:
  m_ObjectHideFlags: 0
  m_CorrespondingSourceObject: {fileID: 0}
  m_PrefabInstance: {fileID: 0}
  m_PrefabAsset: {fileID: 0}
  serializedVersion: 6
  m_Component:
  - component: {fileID: 8838643686600542601}
  m_Layer: 0
  m_Name: Cover
  m_TagString: Untagged
  m_Icon: {fileID: 0}
  m_NavMeshLayer: 0
  m_StaticEditorFlags: 0
  m_IsActive: 1
--- !u!4 &8838643686600542601
Transform:
  m_ObjectHideFlags: 0
  m_CorrespondingSourceObject: {fileID: 0}
  m_PrefabInstance: {fileID: 0}
  m_PrefabAsset: {fileID: 0}
  m_GameObject: {fileID: 3221703729785908245}
  m_LocalRotation: {x: 0, y: 0, z: 0, w: 1}
  m_LocalPosition: {x: 0, y: 0, z: 0}
  m_LocalScale: {x: 1, y: 1, z: 1}
  m_Children: []
  m_Father: {fileID: 4239337678542115900}
  m_RootOrder: 3
  m_LocalEulerAnglesHint: {x: 0, y: 0, z: 0}
--- !u!1 &4027472644963797645
GameObject:
  m_ObjectHideFlags: 0
  m_CorrespondingSourceObject: {fileID: 0}
  m_PrefabInstance: {fileID: 0}
  m_PrefabAsset: {fileID: 0}
  serializedVersion: 6
  m_Component:
  - component: {fileID: 977622702255234371}
  m_Layer: 0
  m_Name: Parts
  m_TagString: Untagged
  m_Icon: {fileID: 0}
  m_NavMeshLayer: 0
  m_StaticEditorFlags: 0
  m_IsActive: 1
--- !u!4 &977622702255234371
Transform:
  m_ObjectHideFlags: 0
  m_CorrespondingSourceObject: {fileID: 0}
  m_PrefabInstance: {fileID: 0}
  m_PrefabAsset: {fileID: 0}
  m_GameObject: {fileID: 4027472644963797645}
  m_LocalRotation: {x: 0, y: 0, z: 0, w: 1}
  m_LocalPosition: {x: 0, y: 0, z: 0}
  m_LocalScale: {x: 1, y: 1, z: 1}
  m_Children:
  - {fileID: 8434863906376658250}
  - {fileID: 2703942236109706108}
  m_Father: {fileID: 4239337678542115900}
  m_RootOrder: 2
  m_LocalEulerAnglesHint: {x: 0, y: 0, z: 0}
--- !u!1 &8329087567357110329
GameObject:
  m_ObjectHideFlags: 0
  m_CorrespondingSourceObject: {fileID: 0}
  m_PrefabInstance: {fileID: 0}
  m_PrefabAsset: {fileID: 0}
  serializedVersion: 6
  m_Component:
  - component: {fileID: 2803612410319537132}
  - component: {fileID: 5278985900701921284}
  m_Layer: 0
  m_Name: Bounds
  m_TagString: Untagged
  m_Icon: {fileID: 0}
  m_NavMeshLayer: 0
  m_StaticEditorFlags: 0
  m_IsActive: 1
--- !u!4 &2803612410319537132
Transform:
  m_ObjectHideFlags: 0
  m_CorrespondingSourceObject: {fileID: 0}
  m_PrefabInstance: {fileID: 0}
  m_PrefabAsset: {fileID: 0}
  m_GameObject: {fileID: 8329087567357110329}
  m_LocalRotation: {x: 0, y: 0, z: 0, w: 1}
  m_LocalPosition: {x: 0, y: 0, z: 0}
  m_LocalScale: {x: 1, y: 1, z: 1}
  m_Children:
  - {fileID: 7254123913494527426}
  m_Father: {fileID: 4239337678542115900}
  m_RootOrder: 0
  m_LocalEulerAnglesHint: {x: 0, y: 0, z: 0}
--- !u!114 &5278985900701921284
MonoBehaviour:
  m_ObjectHideFlags: 0
  m_CorrespondingSourceObject: {fileID: 0}
  m_PrefabInstance: {fileID: 0}
  m_PrefabAsset: {fileID: 0}
  m_GameObject: {fileID: 8329087567357110329}
  m_Enabled: 1
  m_EditorHideFlags: 0
  m_Script: {fileID: 11500000, guid: c4cf8f74dac63e3468e42385f6c59d9b, type: 3}
  m_Name: 
  m_EditorClassIdentifier: 
--- !u!1 &8996732918612642552
GameObject:
  m_ObjectHideFlags: 0
  m_CorrespondingSourceObject: {fileID: 0}
  m_PrefabInstance: {fileID: 0}
  m_PrefabAsset: {fileID: 0}
  serializedVersion: 6
  m_Component:
  - component: {fileID: 7254123913494527426}
  - component: {fileID: 5113288781723807906}
  m_Layer: 0
  m_Name: Box 1
  m_TagString: Untagged
  m_Icon: {fileID: 0}
  m_NavMeshLayer: 0
  m_StaticEditorFlags: 0
  m_IsActive: 1
--- !u!4 &7254123913494527426
Transform:
  m_ObjectHideFlags: 0
  m_CorrespondingSourceObject: {fileID: 0}
  m_PrefabInstance: {fileID: 0}
  m_PrefabAsset: {fileID: 0}
  m_GameObject: {fileID: 8996732918612642552}
  m_LocalRotation: {x: 0, y: 0, z: 0, w: 1}
  m_LocalPosition: {x: 1, y: 1.25, z: 4}
  m_LocalScale: {x: 8, y: 2.5, z: 8}
  m_Children: []
  m_Father: {fileID: 2803612410319537132}
  m_RootOrder: 0
  m_LocalEulerAnglesHint: {x: 0, y: 0, z: 0}
--- !u!65 &5113288781723807906
BoxCollider:
  m_ObjectHideFlags: 0
  m_CorrespondingSourceObject: {fileID: 0}
  m_PrefabInstance: {fileID: 0}
  m_PrefabAsset: {fileID: 0}
  m_GameObject: {fileID: 8996732918612642552}
  m_Material: {fileID: 0}
  m_IsTrigger: 1
  m_Enabled: 1
  serializedVersion: 2
  m_Size: {x: 1, y: 1, z: 1}
  m_Center: {x: 0, y: 0, z: 0}
--- !u!1001 &1518165071755131490
PrefabInstance:
  m_ObjectHideFlags: 0
  serializedVersion: 2
  m_Modification:
    m_TransformParent: {fileID: 8434863906376658250}
    m_Modifications:
    - target: {fileID: 2010408375455461599, guid: 75b47cb5201384e4f94da9d93b336f24,
        type: 3}
      propertyPath: m_Name
      value: Wall1 (13)
      objectReference: {fileID: 0}
    - target: {fileID: 5699693022399203118, guid: 75b47cb5201384e4f94da9d93b336f24,
        type: 3}
      propertyPath: m_LocalPosition.x
      value: -1
      objectReference: {fileID: 0}
    - target: {fileID: 5699693022399203118, guid: 75b47cb5201384e4f94da9d93b336f24,
        type: 3}
      propertyPath: m_LocalPosition.y
      value: 0
      objectReference: {fileID: 0}
    - target: {fileID: 5699693022399203118, guid: 75b47cb5201384e4f94da9d93b336f24,
        type: 3}
      propertyPath: m_LocalPosition.z
      value: 1
      objectReference: {fileID: 0}
    - target: {fileID: 5699693022399203118, guid: 75b47cb5201384e4f94da9d93b336f24,
        type: 3}
      propertyPath: m_LocalRotation.x
      value: -0
      objectReference: {fileID: 0}
    - target: {fileID: 5699693022399203118, guid: 75b47cb5201384e4f94da9d93b336f24,
        type: 3}
      propertyPath: m_LocalRotation.y
      value: 0.7071068
      objectReference: {fileID: 0}
    - target: {fileID: 5699693022399203118, guid: 75b47cb5201384e4f94da9d93b336f24,
        type: 3}
      propertyPath: m_LocalRotation.z
      value: -0
      objectReference: {fileID: 0}
    - target: {fileID: 5699693022399203118, guid: 75b47cb5201384e4f94da9d93b336f24,
        type: 3}
      propertyPath: m_LocalRotation.w
      value: 0.7071068
      objectReference: {fileID: 0}
    - target: {fileID: 5699693022399203118, guid: 75b47cb5201384e4f94da9d93b336f24,
        type: 3}
      propertyPath: m_RootOrder
      value: 3
      objectReference: {fileID: 0}
    - target: {fileID: 5699693022399203118, guid: 75b47cb5201384e4f94da9d93b336f24,
        type: 3}
      propertyPath: m_LocalEulerAnglesHint.x
      value: 0
      objectReference: {fileID: 0}
    - target: {fileID: 5699693022399203118, guid: 75b47cb5201384e4f94da9d93b336f24,
        type: 3}
      propertyPath: m_LocalEulerAnglesHint.y
      value: 90
      objectReference: {fileID: 0}
    - target: {fileID: 5699693022399203118, guid: 75b47cb5201384e4f94da9d93b336f24,
        type: 3}
      propertyPath: m_LocalEulerAnglesHint.z
      value: 0
      objectReference: {fileID: 0}
    - target: {fileID: 5725281366272148708, guid: 75b47cb5201384e4f94da9d93b336f24,
        type: 3}
      propertyPath: m_Materials.Array.data[2]
      value: 
      objectReference: {fileID: 2100000, guid: 7f3366895b5883845927e8013155ab6f, type: 2}
    - target: {fileID: 5725281366272148708, guid: 75b47cb5201384e4f94da9d93b336f24,
        type: 3}
      propertyPath: m_Materials.Array.data[1]
      value: 
      objectReference: {fileID: 2100000, guid: 7f3366895b5883845927e8013155ab6f, type: 2}
    m_RemovedComponents: []
  m_SourcePrefab: {fileID: 100100000, guid: 75b47cb5201384e4f94da9d93b336f24, type: 3}
--- !u!4 &6487711849939615052 stripped
Transform:
  m_CorrespondingSourceObject: {fileID: 5699693022399203118, guid: 75b47cb5201384e4f94da9d93b336f24,
    type: 3}
  m_PrefabInstance: {fileID: 1518165071755131490}
  m_PrefabAsset: {fileID: 0}
--- !u!1001 &1655138531457289357
PrefabInstance:
  m_ObjectHideFlags: 0
  serializedVersion: 2
  m_Modification:
    m_TransformParent: {fileID: 4239337678542115900}
    m_Modifications:
    - target: {fileID: 1159993252597220260, guid: daeaa0b49741a164e86647951d552859,
        type: 3}
      propertyPath: m_LocalPosition.x
      value: 0
      objectReference: {fileID: 0}
    - target: {fileID: 1159993252597220260, guid: daeaa0b49741a164e86647951d552859,
        type: 3}
      propertyPath: m_LocalPosition.y
      value: 0
      objectReference: {fileID: 0}
    - target: {fileID: 1159993252597220260, guid: daeaa0b49741a164e86647951d552859,
        type: 3}
      propertyPath: m_LocalPosition.z
      value: 1
      objectReference: {fileID: 0}
    - target: {fileID: 1159993252597220260, guid: daeaa0b49741a164e86647951d552859,
        type: 3}
      propertyPath: m_LocalRotation.x
      value: 0
      objectReference: {fileID: 0}
    - target: {fileID: 1159993252597220260, guid: daeaa0b49741a164e86647951d552859,
        type: 3}
      propertyPath: m_LocalRotation.y
      value: 0
      objectReference: {fileID: 0}
    - target: {fileID: 1159993252597220260, guid: daeaa0b49741a164e86647951d552859,
        type: 3}
      propertyPath: m_LocalRotation.z
      value: 0
      objectReference: {fileID: 0}
    - target: {fileID: 1159993252597220260, guid: daeaa0b49741a164e86647951d552859,
        type: 3}
      propertyPath: m_LocalRotation.w
      value: 1
      objectReference: {fileID: 0}
    - target: {fileID: 1159993252597220260, guid: daeaa0b49741a164e86647951d552859,
        type: 3}
      propertyPath: m_RootOrder
      value: 5
      objectReference: {fileID: 0}
    - target: {fileID: 1159993252597220260, guid: daeaa0b49741a164e86647951d552859,
        type: 3}
      propertyPath: m_LocalEulerAnglesHint.x
      value: 0
      objectReference: {fileID: 0}
    - target: {fileID: 1159993252597220260, guid: daeaa0b49741a164e86647951d552859,
        type: 3}
      propertyPath: m_LocalEulerAnglesHint.y
      value: 0
      objectReference: {fileID: 0}
    - target: {fileID: 1159993252597220260, guid: daeaa0b49741a164e86647951d552859,
        type: 3}
      propertyPath: m_LocalEulerAnglesHint.z
      value: 0
      objectReference: {fileID: 0}
    - target: {fileID: 6481623849548899740, guid: daeaa0b49741a164e86647951d552859,
        type: 3}
      propertyPath: m_Name
      value: EvacuationZone
      objectReference: {fileID: 0}
    m_RemovedComponents: []
  m_SourcePrefab: {fileID: 100100000, guid: daeaa0b49741a164e86647951d552859, type: 3}
--- !u!4 &495717077600603945 stripped
Transform:
  m_CorrespondingSourceObject: {fileID: 1159993252597220260, guid: daeaa0b49741a164e86647951d552859,
    type: 3}
  m_PrefabInstance: {fileID: 1655138531457289357}
  m_PrefabAsset: {fileID: 0}
--- !u!1001 &2030132283172058256
PrefabInstance:
  m_ObjectHideFlags: 0
  serializedVersion: 2
  m_Modification:
    m_TransformParent: {fileID: 2703942236109706108}
    m_Modifications:
    - target: {fileID: 1866646524032029157, guid: 042515ba7bb52e44e856dd53b670c8f4,
        type: 3}
      propertyPath: m_Name
      value: FloorTile
      objectReference: {fileID: 0}
    - target: {fileID: 4140246605006803193, guid: 042515ba7bb52e44e856dd53b670c8f4,
        type: 3}
      propertyPath: m_LocalPosition.x
      value: 0
      objectReference: {fileID: 0}
    - target: {fileID: 4140246605006803193, guid: 042515ba7bb52e44e856dd53b670c8f4,
        type: 3}
      propertyPath: m_LocalPosition.y
      value: 0
      objectReference: {fileID: 0}
    - target: {fileID: 4140246605006803193, guid: 042515ba7bb52e44e856dd53b670c8f4,
        type: 3}
      propertyPath: m_LocalPosition.z
      value: 1
      objectReference: {fileID: 0}
    - target: {fileID: 4140246605006803193, guid: 042515ba7bb52e44e856dd53b670c8f4,
        type: 3}
      propertyPath: m_LocalRotation.x
      value: -0
      objectReference: {fileID: 0}
    - target: {fileID: 4140246605006803193, guid: 042515ba7bb52e44e856dd53b670c8f4,
        type: 3}
      propertyPath: m_LocalRotation.y
      value: -0
      objectReference: {fileID: 0}
    - target: {fileID: 4140246605006803193, guid: 042515ba7bb52e44e856dd53b670c8f4,
        type: 3}
      propertyPath: m_LocalRotation.z
      value: -0
      objectReference: {fileID: 0}
    - target: {fileID: 4140246605006803193, guid: 042515ba7bb52e44e856dd53b670c8f4,
        type: 3}
      propertyPath: m_LocalRotation.w
      value: 1
      objectReference: {fileID: 0}
    - target: {fileID: 4140246605006803193, guid: 042515ba7bb52e44e856dd53b670c8f4,
        type: 3}
      propertyPath: m_RootOrder
      value: 0
      objectReference: {fileID: 0}
    - target: {fileID: 4140246605006803193, guid: 042515ba7bb52e44e856dd53b670c8f4,
        type: 3}
      propertyPath: m_LocalEulerAnglesHint.x
      value: 0
      objectReference: {fileID: 0}
    - target: {fileID: 4140246605006803193, guid: 042515ba7bb52e44e856dd53b670c8f4,
        type: 3}
      propertyPath: m_LocalEulerAnglesHint.y
      value: 0
      objectReference: {fileID: 0}
    - target: {fileID: 4140246605006803193, guid: 042515ba7bb52e44e856dd53b670c8f4,
        type: 3}
      propertyPath: m_LocalEulerAnglesHint.z
      value: 0
      objectReference: {fileID: 0}
    - target: {fileID: 8274665689187791227, guid: 042515ba7bb52e44e856dd53b670c8f4,
        type: 3}
      propertyPath: m_Materials.Array.data[0]
      value: 
      objectReference: {fileID: 2100000, guid: 85e1fc75cee8ed64cb5defbe17b3536c, type: 2}
    m_RemovedComponents: []
  m_SourcePrefab: {fileID: 100100000, guid: 042515ba7bb52e44e856dd53b670c8f4, type: 3}
--- !u!4 &2691295329633395817 stripped
Transform:
  m_CorrespondingSourceObject: {fileID: 4140246605006803193, guid: 042515ba7bb52e44e856dd53b670c8f4,
    type: 3}
  m_PrefabInstance: {fileID: 2030132283172058256}
  m_PrefabAsset: {fileID: 0}
--- !u!1001 &2199126208765108507
PrefabInstance:
  m_ObjectHideFlags: 0
  serializedVersion: 2
  m_Modification:
    m_TransformParent: {fileID: 8434863906376658250}
    m_Modifications:
    - target: {fileID: 5371407399433548777, guid: 6585deaea16209546970a65b54e0d07a,
        type: 3}
      propertyPath: m_Name
      value: DoorFrame
      objectReference: {fileID: 0}
    - target: {fileID: 8993771240492810746, guid: 6585deaea16209546970a65b54e0d07a,
        type: 3}
      propertyPath: m_LocalPosition.x
      value: 0
      objectReference: {fileID: 0}
    - target: {fileID: 8993771240492810746, guid: 6585deaea16209546970a65b54e0d07a,
        type: 3}
      propertyPath: m_LocalPosition.y
      value: 0
      objectReference: {fileID: 0}
    - target: {fileID: 8993771240492810746, guid: 6585deaea16209546970a65b54e0d07a,
        type: 3}
      propertyPath: m_LocalPosition.z
      value: 0
      objectReference: {fileID: 0}
    - target: {fileID: 8993771240492810746, guid: 6585deaea16209546970a65b54e0d07a,
        type: 3}
      propertyPath: m_LocalRotation.x
      value: -0
      objectReference: {fileID: 0}
    - target: {fileID: 8993771240492810746, guid: 6585deaea16209546970a65b54e0d07a,
        type: 3}
      propertyPath: m_LocalRotation.y
      value: -0
      objectReference: {fileID: 0}
    - target: {fileID: 8993771240492810746, guid: 6585deaea16209546970a65b54e0d07a,
        type: 3}
      propertyPath: m_LocalRotation.z
      value: -0
      objectReference: {fileID: 0}
    - target: {fileID: 8993771240492810746, guid: 6585deaea16209546970a65b54e0d07a,
        type: 3}
      propertyPath: m_LocalRotation.w
      value: 1
      objectReference: {fileID: 0}
    - target: {fileID: 8993771240492810746, guid: 6585deaea16209546970a65b54e0d07a,
        type: 3}
      propertyPath: m_RootOrder
      value: 0
      objectReference: {fileID: 0}
    - target: {fileID: 8993771240492810746, guid: 6585deaea16209546970a65b54e0d07a,
        type: 3}
      propertyPath: m_LocalEulerAnglesHint.x
      value: 0
      objectReference: {fileID: 0}
    - target: {fileID: 8993771240492810746, guid: 6585deaea16209546970a65b54e0d07a,
        type: 3}
      propertyPath: m_LocalEulerAnglesHint.y
      value: 0
      objectReference: {fileID: 0}
    - target: {fileID: 8993771240492810746, guid: 6585deaea16209546970a65b54e0d07a,
        type: 3}
      propertyPath: m_LocalEulerAnglesHint.z
      value: 0
      objectReference: {fileID: 0}
    m_RemovedComponents: []
  m_SourcePrefab: {fileID: 100100000, guid: 6585deaea16209546970a65b54e0d07a, type: 3}
--- !u!4 &7085454038631768289 stripped
Transform:
  m_CorrespondingSourceObject: {fileID: 8993771240492810746, guid: 6585deaea16209546970a65b54e0d07a,
    type: 3}
  m_PrefabInstance: {fileID: 2199126208765108507}
  m_PrefabAsset: {fileID: 0}
--- !u!1001 &2316399517429865994
PrefabInstance:
  m_ObjectHideFlags: 0
  serializedVersion: 2
  m_Modification:
    m_TransformParent: {fileID: 8434863906376658250}
    m_Modifications:
    - target: {fileID: 2010408375455461599, guid: 75b47cb5201384e4f94da9d93b336f24,
        type: 3}
      propertyPath: m_Name
      value: Wall1 (7)
      objectReference: {fileID: 0}
    - target: {fileID: 5699693022399203118, guid: 75b47cb5201384e4f94da9d93b336f24,
        type: 3}
      propertyPath: m_LocalPosition.x
      value: 0
      objectReference: {fileID: 0}
    - target: {fileID: 5699693022399203118, guid: 75b47cb5201384e4f94da9d93b336f24,
        type: 3}
      propertyPath: m_LocalPosition.y
      value: 0
      objectReference: {fileID: 0}
    - target: {fileID: 5699693022399203118, guid: 75b47cb5201384e4f94da9d93b336f24,
        type: 3}
      propertyPath: m_LocalPosition.z
      value: 2
      objectReference: {fileID: 0}
    - target: {fileID: 5699693022399203118, guid: 75b47cb5201384e4f94da9d93b336f24,
        type: 3}
      propertyPath: m_LocalRotation.x
      value: 0
      objectReference: {fileID: 0}
    - target: {fileID: 5699693022399203118, guid: 75b47cb5201384e4f94da9d93b336f24,
        type: 3}
      propertyPath: m_LocalRotation.y
      value: 1
      objectReference: {fileID: 0}
    - target: {fileID: 5699693022399203118, guid: 75b47cb5201384e4f94da9d93b336f24,
        type: 3}
      propertyPath: m_LocalRotation.z
      value: 0
      objectReference: {fileID: 0}
    - target: {fileID: 5699693022399203118, guid: 75b47cb5201384e4f94da9d93b336f24,
        type: 3}
      propertyPath: m_LocalRotation.w
      value: 0
      objectReference: {fileID: 0}
    - target: {fileID: 5699693022399203118, guid: 75b47cb5201384e4f94da9d93b336f24,
        type: 3}
      propertyPath: m_RootOrder
      value: 2
      objectReference: {fileID: 0}
    - target: {fileID: 5699693022399203118, guid: 75b47cb5201384e4f94da9d93b336f24,
        type: 3}
      propertyPath: m_LocalEulerAnglesHint.x
      value: 0
      objectReference: {fileID: 0}
    - target: {fileID: 5699693022399203118, guid: 75b47cb5201384e4f94da9d93b336f24,
        type: 3}
      propertyPath: m_LocalEulerAnglesHint.y
      value: 180
      objectReference: {fileID: 0}
    - target: {fileID: 5699693022399203118, guid: 75b47cb5201384e4f94da9d93b336f24,
        type: 3}
      propertyPath: m_LocalEulerAnglesHint.z
      value: 0
      objectReference: {fileID: 0}
    - target: {fileID: 5725281366272148708, guid: 75b47cb5201384e4f94da9d93b336f24,
        type: 3}
      propertyPath: m_Materials.Array.data[2]
      value: 
      objectReference: {fileID: 2100000, guid: 7f3366895b5883845927e8013155ab6f, type: 2}
    - target: {fileID: 5725281366272148708, guid: 75b47cb5201384e4f94da9d93b336f24,
        type: 3}
      propertyPath: m_Materials.Array.data[1]
      value: 
      objectReference: {fileID: 2100000, guid: 7f3366895b5883845927e8013155ab6f, type: 2}
    m_RemovedComponents: []
  m_SourcePrefab: {fileID: 100100000, guid: 75b47cb5201384e4f94da9d93b336f24, type: 3}
--- !u!4 &8015529434979997988 stripped
Transform:
  m_CorrespondingSourceObject: {fileID: 5699693022399203118, guid: 75b47cb5201384e4f94da9d93b336f24,
    type: 3}
  m_PrefabInstance: {fileID: 2316399517429865994}
  m_PrefabAsset: {fileID: 0}
--- !u!1001 &2738982219214357825
PrefabInstance:
  m_ObjectHideFlags: 0
  serializedVersion: 2
  m_Modification:
    m_TransformParent: {fileID: 4239337678542115900}
    m_Modifications:
    - target: {fileID: 5731760822262051285, guid: f6f3772817f2cce43aa2318521a1493e,
        type: 3}
      propertyPath: m_Name
      value: PlayerSpawnPoint
      objectReference: {fileID: 0}
    - target: {fileID: 8799882849301672497, guid: f6f3772817f2cce43aa2318521a1493e,
        type: 3}
      propertyPath: m_LocalPosition.x
      value: 0
      objectReference: {fileID: 0}
    - target: {fileID: 8799882849301672497, guid: f6f3772817f2cce43aa2318521a1493e,
        type: 3}
      propertyPath: m_LocalPosition.y
      value: 0
      objectReference: {fileID: 0}
    - target: {fileID: 8799882849301672497, guid: f6f3772817f2cce43aa2318521a1493e,
        type: 3}
      propertyPath: m_LocalPosition.z
      value: 1
      objectReference: {fileID: 0}
    - target: {fileID: 8799882849301672497, guid: f6f3772817f2cce43aa2318521a1493e,
        type: 3}
      propertyPath: m_LocalRotation.x
      value: 0
      objectReference: {fileID: 0}
    - target: {fileID: 8799882849301672497, guid: f6f3772817f2cce43aa2318521a1493e,
        type: 3}
      propertyPath: m_LocalRotation.y
      value: 1
      objectReference: {fileID: 0}
    - target: {fileID: 8799882849301672497, guid: f6f3772817f2cce43aa2318521a1493e,
        type: 3}
      propertyPath: m_LocalRotation.z
      value: 0
      objectReference: {fileID: 0}
    - target: {fileID: 8799882849301672497, guid: f6f3772817f2cce43aa2318521a1493e,
        type: 3}
      propertyPath: m_LocalRotation.w
      value: 0
      objectReference: {fileID: 0}
    - target: {fileID: 8799882849301672497, guid: f6f3772817f2cce43aa2318521a1493e,
        type: 3}
      propertyPath: m_RootOrder
      value: 4
      objectReference: {fileID: 0}
    - target: {fileID: 8799882849301672497, guid: f6f3772817f2cce43aa2318521a1493e,
        type: 3}
      propertyPath: m_LocalEulerAnglesHint.x
      value: 0
      objectReference: {fileID: 0}
    - target: {fileID: 8799882849301672497, guid: f6f3772817f2cce43aa2318521a1493e,
        type: 3}
      propertyPath: m_LocalEulerAnglesHint.y
      value: 180
      objectReference: {fileID: 0}
    - target: {fileID: 8799882849301672497, guid: f6f3772817f2cce43aa2318521a1493e,
        type: 3}
      propertyPath: m_LocalEulerAnglesHint.z
      value: 0
      objectReference: {fileID: 0}
    m_RemovedComponents: []
  m_SourcePrefab: {fileID: 100100000, guid: f6f3772817f2cce43aa2318521a1493e, type: 3}
--- !u!4 &6637645056869119856 stripped
Transform:
  m_CorrespondingSourceObject: {fileID: 8799882849301672497, guid: f6f3772817f2cce43aa2318521a1493e,
    type: 3}
  m_PrefabInstance: {fileID: 2738982219214357825}
  m_PrefabAsset: {fileID: 0}
--- !u!1001 &4475834728598383525
PrefabInstance:
  m_ObjectHideFlags: 0
  serializedVersion: 2
  m_Modification:
    m_TransformParent: {fileID: 8434863906376658250}
    m_Modifications:
    - target: {fileID: 2010408375455461599, guid: 75b47cb5201384e4f94da9d93b336f24,
        type: 3}
      propertyPath: m_Name
      value: Wall1 (2)
      objectReference: {fileID: 0}
    - target: {fileID: 5699693022399203118, guid: 75b47cb5201384e4f94da9d93b336f24,
        type: 3}
      propertyPath: m_LocalPosition.x
      value: 1
      objectReference: {fileID: 0}
    - target: {fileID: 5699693022399203118, guid: 75b47cb5201384e4f94da9d93b336f24,
        type: 3}
      propertyPath: m_LocalPosition.y
      value: 0
      objectReference: {fileID: 0}
    - target: {fileID: 5699693022399203118, guid: 75b47cb5201384e4f94da9d93b336f24,
        type: 3}
      propertyPath: m_LocalPosition.z
      value: 1
      objectReference: {fileID: 0}
    - target: {fileID: 5699693022399203118, guid: 75b47cb5201384e4f94da9d93b336f24,
        type: 3}
      propertyPath: m_LocalRotation.x
      value: 0
      objectReference: {fileID: 0}
    - target: {fileID: 5699693022399203118, guid: 75b47cb5201384e4f94da9d93b336f24,
        type: 3}
      propertyPath: m_LocalRotation.y
      value: -0.7071068
      objectReference: {fileID: 0}
    - target: {fileID: 5699693022399203118, guid: 75b47cb5201384e4f94da9d93b336f24,
        type: 3}
      propertyPath: m_LocalRotation.z
      value: 0
      objectReference: {fileID: 0}
    - target: {fileID: 5699693022399203118, guid: 75b47cb5201384e4f94da9d93b336f24,
        type: 3}
      propertyPath: m_LocalRotation.w
      value: 0.7071068
      objectReference: {fileID: 0}
    - target: {fileID: 5699693022399203118, guid: 75b47cb5201384e4f94da9d93b336f24,
        type: 3}
      propertyPath: m_RootOrder
      value: 1
      objectReference: {fileID: 0}
    - target: {fileID: 5699693022399203118, guid: 75b47cb5201384e4f94da9d93b336f24,
        type: 3}
      propertyPath: m_LocalEulerAnglesHint.x
      value: 0
      objectReference: {fileID: 0}
    - target: {fileID: 5699693022399203118, guid: 75b47cb5201384e4f94da9d93b336f24,
        type: 3}
      propertyPath: m_LocalEulerAnglesHint.y
      value: -90
      objectReference: {fileID: 0}
    - target: {fileID: 5699693022399203118, guid: 75b47cb5201384e4f94da9d93b336f24,
        type: 3}
      propertyPath: m_LocalEulerAnglesHint.z
      value: 0
      objectReference: {fileID: 0}
    - target: {fileID: 5725281366272148708, guid: 75b47cb5201384e4f94da9d93b336f24,
        type: 3}
      propertyPath: m_Materials.Array.data[2]
      value: 
      objectReference: {fileID: 2100000, guid: 7f3366895b5883845927e8013155ab6f, type: 2}
    - target: {fileID: 5725281366272148708, guid: 75b47cb5201384e4f94da9d93b336f24,
        type: 3}
      propertyPath: m_Materials.Array.data[1]
      value: 
      objectReference: {fileID: 2100000, guid: 7f3366895b5883845927e8013155ab6f, type: 2}
    m_RemovedComponents: []
  m_SourcePrefab: {fileID: 100100000, guid: 75b47cb5201384e4f94da9d93b336f24, type: 3}
--- !u!4 &8143699325660572811 stripped
Transform:
  m_CorrespondingSourceObject: {fileID: 5699693022399203118, guid: 75b47cb5201384e4f94da9d93b336f24,
    type: 3}
  m_PrefabInstance: {fileID: 4475834728598383525}
  m_PrefabAsset: {fileID: 0}
--- !u!1001 &6102610898039912338
PrefabInstance:
  m_ObjectHideFlags: 0
  serializedVersion: 2
  m_Modification:
    m_TransformParent: {fileID: 2703942236109706108}
    m_Modifications:
    - target: {fileID: 1866646524032029157, guid: e2908471301fb58418b5f06d2ddac34c,
        type: 3}
      propertyPath: m_Name
      value: CeilingTile
      objectReference: {fileID: 0}
    - target: {fileID: 4140246605006803193, guid: e2908471301fb58418b5f06d2ddac34c,
        type: 3}
      propertyPath: m_LocalPosition.x
      value: 0
      objectReference: {fileID: 0}
    - target: {fileID: 4140246605006803193, guid: e2908471301fb58418b5f06d2ddac34c,
        type: 3}
      propertyPath: m_LocalPosition.y
      value: 2.5
      objectReference: {fileID: 0}
    - target: {fileID: 4140246605006803193, guid: e2908471301fb58418b5f06d2ddac34c,
        type: 3}
      propertyPath: m_LocalPosition.z
      value: 1
      objectReference: {fileID: 0}
    - target: {fileID: 4140246605006803193, guid: e2908471301fb58418b5f06d2ddac34c,
        type: 3}
      propertyPath: m_LocalRotation.x
      value: -0
      objectReference: {fileID: 0}
    - target: {fileID: 4140246605006803193, guid: e2908471301fb58418b5f06d2ddac34c,
        type: 3}
      propertyPath: m_LocalRotation.y
      value: -0
      objectReference: {fileID: 0}
    - target: {fileID: 4140246605006803193, guid: e2908471301fb58418b5f06d2ddac34c,
        type: 3}
      propertyPath: m_LocalRotation.z
      value: -0
      objectReference: {fileID: 0}
    - target: {fileID: 4140246605006803193, guid: e2908471301fb58418b5f06d2ddac34c,
        type: 3}
      propertyPath: m_LocalRotation.w
      value: 1
      objectReference: {fileID: 0}
    - target: {fileID: 4140246605006803193, guid: e2908471301fb58418b5f06d2ddac34c,
        type: 3}
      propertyPath: m_RootOrder
      value: 1
      objectReference: {fileID: 0}
    - target: {fileID: 4140246605006803193, guid: e2908471301fb58418b5f06d2ddac34c,
        type: 3}
      propertyPath: m_LocalEulerAnglesHint.x
      value: 0
      objectReference: {fileID: 0}
    - target: {fileID: 4140246605006803193, guid: e2908471301fb58418b5f06d2ddac34c,
        type: 3}
      propertyPath: m_LocalEulerAnglesHint.y
      value: 0
      objectReference: {fileID: 0}
    - target: {fileID: 4140246605006803193, guid: e2908471301fb58418b5f06d2ddac34c,
        type: 3}
      propertyPath: m_LocalEulerAnglesHint.z
      value: 0
      objectReference: {fileID: 0}
    - target: {fileID: 8274665689187791227, guid: e2908471301fb58418b5f06d2ddac34c,
        type: 3}
      propertyPath: m_Materials.Array.data[0]
      value: 
      objectReference: {fileID: 2100000, guid: e06a50199e41fa64cb1b205a1a170fb7, type: 2}
    m_RemovedComponents: []
  m_SourcePrefab: {fileID: 100100000, guid: e2908471301fb58418b5f06d2ddac34c, type: 3}
--- !u!4 &7909948354705631083 stripped
Transform:
  m_CorrespondingSourceObject: {fileID: 4140246605006803193, guid: e2908471301fb58418b5f06d2ddac34c,
    type: 3}
  m_PrefabInstance: {fileID: 6102610898039912338}
  m_PrefabAsset: {fileID: 0}
